@ARTICLE{hadoop,
year = {Hadoop, http://hadoop.apache.org/.}
}

@inproceedings{samet2008scalable,
  title={Scalable network distance browsing in spatial databases},
  author={Samet, Hanan and Sankaranarayanan, Jagan and Alborzi, Houman},
  booktitle={Proceedings of the 2008 ACM SIGMOD international conference on Management of data},
  pages={43--54},
  year={2008},
  organization={ACM}
}

@InProceedings{Dijk,
  author =   {E. W. Dijkstra},
  title =    {A note on two problems in connexion with graphs},
  booktitle = {Numerische Mathematik},
  year =     {1959},
  pages = {269-271}
}

@inproceedings{GISNN03,
  title={Nearest neighbor queries in road networks},
  author={Jensen, Christian S and Kol{\'a}{\v{r}}vr, Jan and Pedersen, Torben Bach and Timko, Igor},
  booktitle={Proceedings of the 11th ACM international symposium on Advances in geographic information systems},
  pages={1--8},
  year={2003},
  organization={ACM}
}

@inproceedings{EDBT12,
 author = {Jo{\~a}o B. Rocha-Junior and Kjetil N{\o}rv{\aa}g},
 title = {Top-k spatial keyword queries on road networks},
 booktitle = {EDBT},
 %series = {EDBT},
 year = {2012},
 pages = {168--179},
 }

@article{yiu2005aggregate,
  title={Aggregate nearest neighbor queries in road networks},
  author={Yiu, Man Lung and Mamoulis, Nikos and Papadias, Dimitris},
  journal={TKDE},
  volume={17},
  number={6},
  pages={820--833},
  year={2005},
  publisher={IEEE}
}

@INPROCEEDINGS{NN,
author = {Dimitris Papadias and Jun Zhang and Nikos Mamoulis},
title = {Query Processing in Spatial Network Databases},
booktitle = {VLDB},
year = {2003},
pages = {802--813}
}



@InProceedings{hadoop,
   title =   {Hadoop, http://hadoop.apache.org/.},
}

@InProceedings{MR,
   author =   {Jeffrey Dean, Sanjay Ghemawat},
   title =   {{MapReduce}: Simplified Data Processing on large Clusters},
   pages =   {137-150},
   booktitle= {OSDI},
   year={2004},
}

@InProceedings{DBX,
  author =   {S. Agrawal and S. Chaudhuri and G. Das},
  title =    {{DBXplorer}: A system for keyword-based search over relational database},
  booktitle = {ICDE},
  year =     {2002},
  pages = {5-16}
}

@InProceedings{DISC,
  author =   {V. Hristidis and Y. Papakonstantinou},
  title =    {{DISCOVER}: Keyword search in relational databases},
  booktitle = {VLDB},
  year =     {2002},
  pages = {670-681}
}

@InProceedings{BANKS,
  author =   {G. Bhalotia and A. Hulgeri and C. Nakhe and S. Chakrabarti and S. Sudarshan},
  title =    {Keyword searching and browsing in databases using {BANKS}},
  booktitle = {ICDE},
  year =     {2002},
  pages = {431-440}
}

@InProceedings{DP,
  author =   {B. Ding and J. X. Yu and S. Wang and L. Qin and X. Zhang and X. Lin},
  title =    {Finding top-k min-cost connected trees in databases},
  booktitle = {ICDE},
  year =     {2007},
  pages = {836-845}
}

@InProceedings{CWLL09,
  author =   {Y. Chen and W. Wang and Z. Liu and X. Lin},
  title =    {Keyword search on structured and semi-structured data},
  booktitle = {SIGMOD},
  year =     {2009},
  pages = {1005-1010}
}

@InProceedings{DKS08,
  author =   {B. B. Dalvi and M. Kshirsagar and S. Sudarshan},
  title =    {Keyword search on external memory data graphs},
  booktitle = {VLDB},
  year =     {2008},
  pages = {1189-1204}
}


@ARTICLE{DW72,
  author =   {S. E. Dreyfus and R. A. Wagner},
  title =    {The {Steiner} problem in graphs},
  journal = {Networks},
  year =     {1971},
  volume =   {1},
  pages = {195-207}
}

@inproceedings{IR2,
  title={Keyword search on spatial databases},
  author={De Felipe, Ian and Hristidis, Vagelis and Rishe, Naphtali},
  booktitle={ICDE},
  pages={656--665},
  year={2008},
  organization={IEEE}
}

@inproceedings{zhou2005hybrid,
  title={Hybrid index structures for location-based web search},
  author={Zhou, Yinghua and Xie, Xing and Wang, Chuang and Gong, Yuchang and Ma, Wei-Ying},
  booktitle={Proceedings of the 14th ACM international conference on Information and knowledge management},
  pages={155--162},
  year={2005},
  organization={ACM}
}

@inproceedings{textspace,
  title={Text vs. space: efficient geo-search query processing},
  author={Christoforaki, Maria and He, Jinru and Dimopoulos, Constantinos and Markowetz, Alexander and Suel, Torsten},
  booktitle={CIKM},
  pages={423--432},
  year={2011},
  organization={ACM}
}

@article{IR,
  title={Efficient retrieval of the top-k most relevant spatial web objects},
  author={Cong, Gao and Jensen, Christian S and Wu, Dingming},
  journal={VLDB},
  volume={2},
  number={1},
  pages={337--348},
  year={2009},
  publisher={VLDB Endowment}
}

@inproceedings{collect,
  author = {Cao, Xin and Cong, Gao and Jensen, Christian S. and Ooi, Beng Chin},
  booktitle = {SIGMOD},
  pages = {373-384},
  title = {Collective spatial keyword querying.},
  year = 2011
}
@InProceedings{BLINKS,
  author =   {H. He and H. Wang and J. Yang and P. S. Yu},
  title =    {{BLINKS}: Ranked keyword searches on graphs},
  booktitle = {SIGMOD},
  year =     {2007},
  pages = {305-316}
}

@InProceedings{OBJRANK,
  author =   {A. Balmin and V. Hristidis and Y. Papakonstantinou},
  title =    {ObjectRank: Authority-based keyword search in databases},
  booktitle = {VLDB},
  year =     {2004},
  pages = {564-575}
}

@InProceedings{HGP03,
  author =   {V. Hristidis and L. Gravano and Y. Papakinstantinou},
  title =    {Efficient {IR}-style keyword search over relational databases},
  booktitle = {VLDB},
  year =     {2003},
  pages = {850-861}
}

@InProceedings{Bidir,
  author =   {V. Kacholia and S. Pandit and S. Chakrabarti and S. Sudarshan and R. Desai and H. Karambelkar},
  title =    {Bidirectional expansion for keyword search on graph databases},
  booktitle = {VLDB},
  year =     {2005},
  pages = {505-516}
}


@InProceedings{EASE,
  author =   {G. Li and B. C. Ooi and J. Feng and J. Wang and L. Zhou},
  title =    {{EASE}: an effective 3-in-1 keyword search method for unstructured, semi-structured and structured data},
  booktitle = {SIGMOD},
  year =     {2008},
  pages = {903-914}
}

@InProceedings{LTMC06,
  author =   {F. Liu and C. T. Yu and W. Meng and A. Chowdhury},
  title =    {Effective keyword search in relational databases},
  booktitle = {SIGMOD},
  year =     {2006},
  pages = {563-574}
}

@InProceedings{SPARK,
  author =   {Y. Luo and X. Lin and W. Wang and X. Zhou},
  title =    {{SPARK}: top-k keyword query in relational databases},
  booktitle = {SIGMOD},
  year =     {2007},
  pages = {115-126}
}

@InProceedings{XRANK,
  author =   {L. Guo and F. Shao and C. Botev and J. Shanmugasundaram},
  title =    {{XRANK}: ranked keyword search over XML documents},
  booktitle = {SIGMOD},
  year =     {2003},
  pages = {16-27}
}

@InProceedings{XSearch,
  author =   {S. Cohen and J. Mamou and Y. Kanza and Y. Sagiv},
  title =    {{XSEarch}: A Semantic Search Engine for XML},
  booktitle = {VLDB},
  year =     {2003},
  pages = {45-56}
}

@InProceedings{XQUERY,
  author =   {Y. Li and C. Yu and H. V. Jagadish},
  title =    {Schema-free {XQuery}},
  booktitle = {VLDB},
  year =     {2004},
  pages = {72-83}
}

@InProceedings{LCA,
  author =   {Y. Xu and Y. Papakonstantinou},
  title =    {Efficient keyword search for samllest {LCA}s in {XML} databases},
  booktitle = {SIGMOD},
  year =     {2005},
  pages = {527-538}
}

@InProceedings{GRAY,
  author =   {H. Tong and B. Gallagher and C. Faloutsos, and T. Eliassi-Rad},
  title =    {Fast Best-Effort Pattern Match in Large Attributed Graphs},
  booktitle =  {SIGKDD},
  year =     {2007},
  pages = {737-746}
}

@InProceedings{CEPS,
  author =   {H. Tong and C. Faloutsos},
  title =    {Center-Piece Subgraphs: Problem Definition and Fast Solutions},
  booktitle = {SIGKDD},
  year =     {2006},
  pages = {404-413}
}

@ARTICLE{RW,
  AUTHOR =       {K. Pearson},
  TITLE =        {The problem of the Random Walk},
  JOURNAL =      {Nature},
  YEAR =         {1905},
  volume =       {72},
  number =       {1867},
  pages =        {342},
}


@InProceedings{FRWR,
  author =   { H. Tong and C. Faloutsos and J.-Y. Pan},
  title =    {Fast Random Walk with Restart and Its Application},
  booktitle = {ICDM},
  year =     {2006},
  pages = {613-622}
}

@InProceedings{RWR,
  author =   {J.-Y. Pan and H.-J. Yang and C. Faloutsos and P. Duygulu},
  title =    {Automatic multimedia cross-modal correlation discovery},
  booktitle = {SIGKDD},
  year =     {2004},
  pages = {653-658}
}

@InProceedings{PR,
  author =   {S. Brin and L. Page},
  title =    {The Anatomy of a Large-Scale Hypertextual Web Search Engine},
  booktitle = {WWW},
  year =     {1998},
  pages = {107-117}
}

@InProceedings{PPR,
  author =   {T. H. Haveliwala},
  title =    {Topic-sensitive PageRank},
  booktitle = {WWW},
  year =     {2002},
  pages = {517-526}
}

@ARTICLE{VSM,
  author =   {G. Salton and A. Wong and C. S. Yang},
  title =    {A vector space model for automatic indexing},
  journal = {Communications of the ACM},
  year =     {1975},
  volume = {18},
  number = {11},
  pages = {613-620}
}

@ARTICLE{TFIDF,
  author =   {S. K.M. Wong and W. Ziarko and  V. V. Raghavan and P. C.N. Wong},
  title =    {On modeling of information retrieval concepts in vector spaces},
  journal = {TODS},
  year =     {1987},
  volume = {12},
  number = {2},
  pages = {299-321}
}

@InProceedings{GKS,
  author =   {K. Golenberg and B. Kimelfeld and Y. Sagiv},
  title =    {Keyword proximity search in complex data graphs},
  booktitle = {SIGMOD},
  year =     {2008},
  pages = {927-940}
}

@ARTICLE{HHP,
  author =   {V. Hristidis and H. Hwang and Y. Papakonstantinou},
  title =    {Authority-based keyword search in databases},
  journal = {TODS},
  year =     {2008},
  volume = {33},
  number = {1},
  pages = {299-321}
}

@InProceedings{MYP07,
  author =   {A. Markowetz and Y. Yang and D. Papadias},
  title =    {Keyword search on relational data streams},
  booktitle = {SIGMOD},
  year =     {2007},
  pages = {115-126}
}

@InProceedings{QYC,
  author =   {L. Qin and J. X. Yu and L. Chang},
  title =    {Keyword search in databases: The power of {RDBMS}},
  booktitle = {SIGMOD},
  year =     {2009},
  pages = {681-694}
}

@InProceedings{Comm,
  author =   {L. Qin and J. X. Yu and L. Chang},
  title =    {Querying communities in relational databases},
  booktitle = {ICDE},
  year =     {2009},
  pages = {724-735}
}

@InProceedings{QYC2,
  author =   {L. Qin and J. X. Yu and L. Chang},
  title =    {Scalable keyword search on large data streams},
  booktitle = {ICDE},
  year =     {2009},
  pages = {1199-1202}
}

@InProceedings{KSPODS,
  author =   {B. Kimelfeld and Y. Sagiv},
  title =    {Finding and approximating top-k answers in keyword proximity search},
  booktitle = {PODS},
  year =     {2006},
  pages = {173-182}
}

@InProceedings{CDHLM,
  author =   {Y. Cai and X. Dong and A. Halevy and J. Liu and J. Madhavan},
  title =    {Personal information management with SEMEX},
  booktitle = {Proc. 2005 ACM SIGMOD Int. Conf. on Management of Data},
  year =     {2005},
  pages = {921-923}
}




@InProceedings{metis,
  author =   {G. Karypis and V. Kumar},
  title =    {Analysis of multilevel graph partitioning},
  booktitle = {Supercomputing},
  year =     {1995}
}

@ARTICLE{AFG+09,
  author =   {M. Armbrust and A. Fox and R. Griffith and A. D. Joseph and R. Katz and A. Konwinski and G. Lee and D. Patterson and A. Rabkin and I. Stoica and M. Zaharia},
  title =    {Above the Clouds: A {Berkeley} View of Cloud Computing},
  journal = {Technical Report},
  year =     {2009},
  volume =   {},
  number =   {},
  pages = {}
}

@ARTICLE{build-in,
 author = {Li, Guoliang and Feng, Jianhua and Zhou, Xiaofang and Wang, Jianyong},
 title = {Providing built-in keyword search capabilities in {RDBMS}},
 journal = {VLDB Journal},
 volume = {20},
 issue = {1},
 year = {2011},
 pages = {1-19},
 }
@inproceedings{str,
  author = {Bin Yao and Li, Feifei and Hadjieleftheriou, Marios and Hou, Kun},
  booktitle = {ICDE},
  pages = {545-556},
  title = {Approximate string search in spatial databases.},
  year = 2010
}



@ARTICLE{TR,
author={S. Luo and Y. Luo and {S. Zhou et al.}},
title = {Distributed index for keyword search. {T}echnical {R}eport {\#}2011-218, {S}chool of {C}omputer {S}cience, {F}udan {U}niversity. 2011. ({E}lectronic copy is available on demand)},
}

 @InProceedings{ten,
 author = {Qin, Lu and Yu, Jeffrey Xu and Chang, Lijun},
 title = {Ten thousand {SQL}s: parallel keyword queries computing},
 booktitle = {VLDB},
 volume = {3},
 year = {2010},
 pages = {58-69},
}

@inproceedings{Pregel,
 author = {G. Malewicz and others},
 title = {Pregel: a System for Large-Scale Graph Processing},
 booktitle = {SIGMOD},
 year = {2010},
 pages={135-146}
 }

@InProceedings{makr,
 author = {Bin Yao and Mingwang Tang and Feifei Li},
 title = {Multi-Approximate-Keyword Routing in {GIS} Data},
  booktitle = {GIS},
  year      = {2011},
  pages     = {201-210},
}

@article{vaid2005spatio,
  title={Spatio-textual indexing for geographical search on the web},
  author={Vaid, Subodh and Jones, Christopher and Joho, Hideo and Sanderson, Mark},
  journal={Advances in Spatial and Temporal Databases},
  pages={923--923},
  year={2005},
  publisher={Springer}
}

@article{rocha2011efficient,
  title={Efficient processing of top-k spatial keyword queries},
  author={Rocha-Junior, Jo{\~a}o and Gkorgkas, Orestis and Jonassen, Simon and N{\o}rv{\aa}g, Kjetil},
  journal={Advances in Spatial and Temporal Databases},
  pages={205--222},
  year={2011},
  publisher={Springer}
}

@inproceedings{zhang2009keyword,
  title={Keyword search in spatial databases: Towards searching by document},
  author={Zhang, Dongxiang and Chee, Yeow Meng and Mondal, Anirban and Tung, A and Kitsuregawa, Masaru},
  booktitle={ICDE},
  pages={688--699},
  year={2009},
  organization={IEEE}
}

@article{SAS,
author = {Feifei Li and Bin Yao and Mingwang Tang and Marios Hadjieleftheriou},
title = {Spatial Approximate String Search},
journal = {TKDE},
volume = {25},
number = {6},
year = {2013},
pages = {1394-1409},
}

@INPROCEEDINGS{Disks,
author = {Siqiang Luo and Yifeng Luo and Shuigeng Zhou and Gao Cong and Jihong Guan},
title = {{DISKs}: A System for Distributed Spatial Group Keyword Search on Road Networks},
booktitle = {VLDB},
year = {2012},
pages = {1966--1969},
}

@inproceedings{cikm05,
  author    = {Yinghua Zhou and
               Xing Xie and
               Chuang Wang and
               Yuchang Gong and
               Wei-Ying Ma},
  title     = {Hybrid index structures for location-based web search},
  booktitle = {CIKM},
  year      = {2005},
  pages     = {155-162},
  ee        = {http://doi.acm.org/10.1145/1099554.1099584},
 % crossref  = {DBLP:conf/cikm/2005},
  bibsource = {DBLP, http://dblp.uni-trier.de}
}

@inproceedings{sstd05,
  author    = {Subodh Vaid and
               Christopher B. Jones and
               Hideo Joho and
               Mark Sanderson},
  title     = {Spatio-textual Indexing for Geographical Search on the Web},
  booktitle = {SSTD},
  year      = {2005},
  pages     = {218-235},
  ee        = {http://dx.doi.org/10.1007/11535331_13},
 % crossref  = {DBLP:conf/ssd/2005},
  bibsource = {DBLP, http://dblp.uni-trier.de}
}

@inproceedings{sigmod06,
  author    = {Yen-Yu Chen and
               Torsten Suel and
               Alexander Markowetz},
  title     = {Efficient query processing in geographic web search engines},
  booktitle = {SIGMOD},
  year      = {2006},
  pages     = {277-288},
  ee        = {http://doi.acm.org/10.1145/1142473.1142505},
 % crossref  = {DBLP:conf/sigmod/2006},
  bibsource = {DBLP, http://dblp.uni-trier.de}
}

@inproceedings{ssdbm07,
  author    = {Ramaswamy Hariharan and
               Bijit Hore and
               Chen Li and
               Sharad Mehrotra},
  title     = {Processing Spatial-Keyword (SK) Queries in Geographic Information
               Retrieval (GIR) Systems},
  booktitle = {SSDBM},
  year      = {2007},
  pages     = {16},
  ee        = {http://doi.ieeecomputersociety.org/10.1109/SSDBM.2007.22},
 % crossref  = {DBLP:conf/ssdbm/2007},
  bibsource = {DBLP, http://dblp.uni-trier.de}
}

@inproceedings{icde08,
  author    = {Ian De Felipe and
               Vagelis Hristidis and
               Naphtali Rishe},
  title     = {Keyword Search on Spatial Databases},
  booktitle = {ICDE},
  year      = {2008},
  pages     = {656-665},
  bibsource = {DBLP, http://dblp.uni-trier.de}
}

@article{vldb09,
  author    = {Gao Cong and
               Christian S. Jensen and
               Dingming Wu},
  title     = {Efficient Retrieval of the Top-k Most Relevant Spatial Web
               Objects},
  journal   = {VLDB},
  volume    = {2},
  number    = {1},
  year      = {2009},
  pages     = {337-348},
  ee        = {http://www.vldb.org/pvldb/2/vldb09-677.pdf},
  bibsource = {DBLP, http://dblp.uni-trier.de}
}

@inproceedings{cikm09,
  author    = {Richard G{\"o}bel and
               Andreas Henrich and
               Raik Niemann and
               Daniel Blank},
  title     = {A hybrid index structure for geo-textual searches},
  booktitle = {CIKM},
  year      = {2009},
  pages     = {1625-1628},
  ee        = {http://doi.acm.org/10.1145/1645953.1646188},
 % crossref  = {DBLP:conf/cikm/2009},
  bibsource = {DBLP, http://dblp.uni-trier.de}
}

@inproceedings{ssdbm10,
  author    = {Ariel Cary and
               Ouri Wolfson and
               Naphtali Rishe},
  title     = {Efficient and Scalable Method for Processing Top-k Spatial
               Boolean Queries},
  booktitle = {SSDBM},
  year      = {2010},
  pages     = {87-95},
  ee        = {http://dx.doi.org/10.1007/978-3-642-13818-8_8},
 % crossref  = {DBLP:conf/ssdbm/2010},
  bibsource = {DBLP, http://dblp.uni-trier.de}
}

@inproceedings{dexa10,
  author    = {Ali Khodaei and
               Cyrus Shahabi and
               Chen Li},
  title     = {Hybrid Indexing and Seamless Ranking of Spatial and Textual
               Features of Web Documents},
  booktitle = {DEXA (1)},
  year      = {2010},
  pages     = {450-466},
  ee        = {http://dx.doi.org/10.1007/978-3-642-15364-8_37},
 % crossref  = {DBLP:conf/dexa/2010-1},
  bibsource = {DBLP, http://dblp.uni-trier.de}
}

@article{tkde10,
  author    = {Zhisheng Li and
               Ken C. K. Lee and
               Baihua Zheng and
               Wang-Chien Lee and
               Dik Lun Lee and
               Xufa Wang},
  title     = {IR-Tree: An Efficient Index for Geographic Document Search},
  journal   = {TKDE},
  volume    = {23},
  number    = {4},
  year      = {2011},
  pages     = {585-599},
  ee        = {http://dx.doi.org/10.1109/TKDE.2010.149},
  bibsource = {DBLP, http://dblp.uni-trier.de}
}

@inproceedings{sstd11,
  author    = {Jo{\~a}o B. Rocha-Junior and
               Orestis Gkorgkas and
               Simon Jonassen and
               Kjetil N{\o}rv{\aa}g},
  title     = {Efficient Processing of Top-k Spatial Keyword Queries},
  booktitle = {SSTD},
  year      = {2011},
  pages     = {205-222},
  ee        = {http://dx.doi.org/10.1007/978-3-642-22922-0_13},
 % crossref  = {DBLP:conf/ssd/2011},
  bibsource = {DBLP, http://dblp.uni-trier.de}
}

@inproceedings{cikm11,
  author    = {Maria Christoforaki and
               Jinru He and
               Constantinos Dimopoulos and
               Alexander Markowetz and
               Torsten Suel},
  title     = {Text vs. space: efficient geo-search query processing},
  booktitle = {CIKM},
  year      = {2011},
  pages     = {423-432},
  ee        = {http://doi.acm.org/10.1145/2063576.2063641},
 % crossref  = {DBLP:conf/cikm/2011},
  bibsource = {DBLP, http://dblp.uni-trier.de}
}

@inproceedings{sigir98,
  author    = {Jay M. Ponte and
               W. Bruce Croft},
  title     = {A Language Modeling Approach to Information Retrieval},
  booktitle = {SIGIR},
  year      = {1998},
  pages     = {275-281},
  ee        = {db/conf/sigir/PonteC98.html},
 % crossref  = {DBLP:conf/sigir/98},
  bibsource = {DBLP, http://dblp.uni-trier.de}
}

@article{tois84,
  author    = {Christos Faloutsos and
               Stavros Christodoulakis},
  title     = {Signature Files: An Access Method for Documents and Its
               Analytical Performance Evaluation},
  journal   = {ACM Trans. Inf. Syst.},
  volume    = {2},
  number    = {4},
  year      = {1984},
  pages     = {267-288},
  ee        = {http://doi.acm.org/10.1145/2275.357411},
  bibsource = {DBLP, http://dblp.uni-trier.de}
}

@inproceedings{www09,
  author    = {Hao Yan and
               Shuai Ding and
               Torsten Suel},
  title     = {Inverted index compression and query processing with optimized
               document ordering},
  booktitle = {WWW},
  year      = {2009},
  pages     = {401-410},
  ee        = {http://doi.acm.org/10.1145/1526709.1526764},
 % crossref  = {DBLP:conf/www/2009},
  bibsource = {DBLP, http://dblp.uni-trier.de}
}

@inproceedings{sigmod84,
  author    = {Antonin Guttman},
  title     = {R-Trees: A Dynamic Index Structure for Spatial Searching},
  booktitle = {SIGMOD},
  year      = {1984},
  pages     = {47-57},
  ee        = {http://doi.acm.org/10.1145/602259.602266, db/conf/sigmod/Guttman84.html},
  %crossref  = {DBLP:conf/sigmod/84},
  bibsource = {DBLP, http://dblp.uni-trier.de}
}

@inproceedings{sigmod90,
  author    = {Norbert Beckmann and
               Hans-Peter Kriegel and
               Ralf Schneider and
               Bernhard Seeger},
  title     = {The R*-Tree: An Efficient and Robust Access Method for Points
               and Rectangles},
  booktitle = {SIGMOD},
  year      = {1990},
  pages     = {322-331},
  ee        = {http://doi.acm.org/10.1145/93597.98741, db/conf/sigmod/BeckmannKSS90.html},
  %crossref  = {DBLP:conf/sigmod/90},
  bibsource = {DBLP, http://dblp.uni-trier.de}
}

@article{tkde11,
author = {Dingming Wu and Man Lung Yiu and Gao Cong and Christian S. Jensen},
title = {Joint Top-K Spatial Keyword Query Processing},
journal ={TKDE},
volume = {99},
number = {PrePrints},
issn = {1041-4347},
year = {2011},
doi = {http://doi.ieeecomputersociety.org/10.1109/TKDE.2011.172},
publisher = {IEEE Computer Socie
 publisher = {IEEE Computer Society},
address = {Los Alamitos, CA, USA},
}


@inproceedings{icde09,
  author    = {Dongxiang Zhang and
               Yeow Meng Chee and
               Anirban Mondal and
               Anthony K. H. Tung and
               Masaru Kitsuregawa},
  title     = {Keyword Search in Spatial Databases: Towards Searching by
               Document},
  booktitle = {ICDE},
  year      = {2009},
  pages     = {688-699},
  bibsource = {DBLP, http://dblp.uni-trier.de}
}

@inproceedings{icde10,
  author    = {Dongxiang Zhang and
               Beng Chin Ooi and
               Anthony K. H. Tung},
  title     = {Locating mapped resources in Web 2.0},
  booktitle = {ICDE},
  year      = {2010},
  pages     = {521-532},
  bibsource = {DBLP, http://dblp.uni-trier.de}
}


@inproceedings{Desks,
 author = {Li, Guoliang and Feng, Jianhua and Xu, Jing},
 title = {DESKS: Direction-Aware Spatial Keyword Search},
 booktitle = {ICDE},
 year = {2012},
 numpages = {12},
}

@inproceedings{reach,
  title={Reach for A*: Efficient point-to-point shortest path algorithms},
  author={Goldberg, Andrew V and Kaplan, Haim and Werneck, Renato},
  booktitle={Workshop on Algorithm Engineering \& Experiments, Miami},
  pages={129--143},
  year={2006}
}


@inproceedings{ALT,
  title={Computing the shortest path: A search meets graph theory},
  author={Goldberg, Andrew V and Harrelson, Chris},
  booktitle={Proceedings of the sixteenth annual ACM-SIAM symposium on Discrete algorithms},
  pages={156--165},
  year={2005},
  organization={Society for Industrial and Applied Mathematics}
}

@incollection{sanders2005highway,
  title={Highway hierarchies hasten exact shortest path queries},
  author={Sanders, Peter and Schultes, Dominik},
  booktitle={Algorithms--Esa 2005},
  pages={568--579},
  year={2005},
  publisher={Springer}
}

@incollection{geisberger2008contraction,
  title={Contraction hierarchies: Faster and simpler hierarchical routing in road networks},
  author={Geisberger, Robert and Sanders, Peter and Schultes, Dominik and Delling, Daniel},
  booktitle={Experimental Algorithms},
  pages={319--333},
  year={2008},
  publisher={Springer}
}

@article{bast2007fast,
  title={Fast routing in road networks with transit nodes},
  author={Bast, Holger and Funke, Stefan and Sanders, Peter and Schultes, Dominik},
  journal={Science},
  volume={316},
  number={5824},
  pages={566--566},
  year={2007},
  publisher={American Association for the Advancement of Science}
}

@inproceedings{AH,
  author    = {Andy Diwen Zhu and
               Hui Ma and
               Xiaokui Xiao and Siqiang Luo and Youze Tang and Shuigeng Zhou},
  title     = {Shortest Path and Distance Queries on Road Networks: Towards Briding Theory and Practice},
  booktitle = {SIGMOD},
  year      = {2013}
}

@article{bidir_Dijk,
  title={Finding the shortest route between two points in a network},
  author={Nicholson, T Alastair J},
  journal={The computer journal},
  volume={9},
  number={3},
  pages={275--280},
  year={1966},
  publisher={Br Computer Soc}
}

@article{AStar,
  title={A formal basis for the heuristic determination of minimum cost paths},
  author={Hart, Peter E and Nilsson, Nils J and Raphael, Bertram},
  journal={IEEE Transactions on Systems Science and Cybernetics},
  volume={4},
  number={2},
  pages={100--107},
  year={1968},
  publisher={IEEE}
}

@incollection{HNR,
  title={Dynamic highway-node routing},
  author={Schultes, Dominik and Sanders, Peter},
  booktitle={Experimental Algorithms},
  pages={66--79},
  year={2007},
  publisher={Springer}
}

@article{cao2012keyword,
  title={Keyword-aware optimal route search},
  author={Cao, Xin and Chen, Lisi and Cong, Gao and Xiao, Xiaokui},
  journal={VLDB},
  volume={5},
  number={11},
  pages={1136--1147},
  year={2012},
  publisher={VLDB Endowment}
}

@inproceedings{li2008efficient,
  title={Efficient merging and filtering algorithms for approximate string searches},
  author={Li, Chen and Lu, Jiaheng and Lu, Yiming},
  booktitle={ICDE},
  pages={257--266},
  year={2008},
}

@book{wagner2003geometric,
  title={Geometric speed-up techniques for finding shortest paths in large sparse graphs},
  author={Wagner, Dorothea and Willhalm, Thomas},
  year={2003},
  publisher={Springer}
}

@article{ich2004extremely,
  title={An Extremely Fast, Exact Algorithm for Finding Shor test Paths in Static Networks with Geographical Background},
  author={ich Lauther, Ulr},
  year={2004}
}
@incollection{kohler2005acceleration,
  title={Acceleration of shortest path and constrained shortest path computation},
  author={K{\"o}hler, Ekkehard and M{\"o}hring, Rolf H and Schilling, Heiko},
  booktitle={Experimental and Efficient Algorithms},
  pages={126--138},
  year={2005},
  publisher={Springer}
}

@article{lauther2006experimental,
  title={An experimental evaluation of point-to-point shortest path calculation on roadnetworks with precalculated edge-flags},
  author={Lauther, Ulrich and Siemens, AG and SE, CT},
  journal={The Shortest Path Problem: Ninth DIMACS Implementation Challenge},
  pages={19--40},
  year={2006}
}

@article{page1999pagerank,
  title={The PageRank citation ranking: bringing order to the web.},
  author={Page, Lawrence and Brin, Sergey and Motwani, Rajeev and Winograd, Terry},
  year={1999},
  publisher={Stanford InfoLab}
}

@inproceedings{tao2011nearest,
  title={Nearest keyword search in XML documents},
  author={Tao, Yufei and Papadopoulos, Stavros and Sheng, Cheng and Stefanidis, Kostas},
  booktitle={SIGMOD},
  pages={589--600},
  year={2011},
  organization={ACM}
}
